% This is a sample BibTeX database for the ACM book template.

@inproceedings{BAN88,
	Author = {Bancilhon, Fran\c{c}ois},
	Booktitle = PODS88,
	Date-Added = {2017-07-13 20:25:43 +0000},
	Date-Modified = {2017-07-13 20:25:43 +0000},
	Pages = {152--162},
	Title = {Object-Oriented Database Systems},
	Year = {1988}}

@article{Kossmann00,
	Author = {Kossmann, D.},
	Date-Added = {2017-05-05 13:16:53 +0000},
	Date-Modified = {2017-05-05 13:16:53 +0000},
	Journal = COMPSUR,
	Number = {4},
	Pages = {422--469},
	Title = {The State of the Art in Distributed Query Processing},
	Volume = {32},
	Year = 2000}

@article{ss83,
	Author = {Skeen, D. and Stonebraker, M.},
	Date-Added = {2017-07-13 20:25:43 +0000},
	Date-Modified = {2017-07-13 20:25:43 +0000},
	Journal = IEEETSE,
	Number = {3},
	Pages = {219--228},
	Title = {A Formal Model of Crash Recovery in a Distributed System},
	Volume = {SE-9},
	Year = 1983}

@book{WV01,
	Author = {Weikum, Gerhard and Vossen, Gottfried},
	Date-Added = {2017-05-05 13:16:53 +0000},
	Date-Modified = {2017-05-05 13:16:53 +0000},
	Publisher = {Morgan Kaufmann},
	Title = {Transactional Information Systems: Theory, Algorithms, and the Practice of Concurrency Control},
	Year = {2001}}
