@ARTICLE{Bush45aswe,
    author = {Vannevar Bush and Jingtao Wang},
    title = {As we may think},
    journal = {Atlantic Monthly},
    year = {1945},
    volume = {176},
    pages = {101--108}
}

@ARTICLE{cambridge2018,
    author = {Sam Meredith},
    title = {Facebook-Cambridge Analytica: A timeline of the data hijacking scandal},
    journal = {CNBC},
    year = {2018}
}

@TechReport{Carothers:14:RT,
  author      = "Gavin Carothers and Eric Prud'hommeaux",
  title       = "{RDF} 1.1 Turtle",
  month       = feb,
  note        = "http://www.w3.org/TR/2014/REC-turtle-20140225/",
  year        = "2014",
  bibsource   = "https://w2.syronex.com/jmr/w3c-biblio",
  type        = "{W3C} Recommendation",
  institution = "W3C",
}
@TechReport{Schreiber:14:RXS,
  author      = "Guus Schreiber and Fabien Gandon",
  title       = "{RDF} 1.1 {XML} Syntax",
  month       = feb,
  note        = "http://www.w3.org/TR/2014/REC-rdf-syntax-grammar-20140225/",
  year        = "2014",
  bibsource   = "https://w2.syronex.com/jmr/w3c-biblio",
  type        = "{W3C} Recommendation",
  institution = "W3C",
}

@misc{RDFTools,
author={W3C},
title="Tools",
year=2017,
url={https://www.w3.org/2001/sw/wiki/Tools},
urldate={2019-05-16}
}

@misc{Cooluris,
author={W3C},
title="Cool URIs for the Semantic Web",
year=2008,
url={https://www.w3.org/TR/cooluris/},
urldate={2019-05-16}
}

@misc{URIDoc,
title="Providing and Discovering URI Documentation",
url={http://www.w3.org/2001/tag/awwsw/issue57/latest/},
year=2012,
author={W3C},
urldate={2019-05-16}}

@misc{dontchange,
title="Cool URIs don't change",
url={https://www.w3.org/Provider/Style/URI},
year=2008,
author={W3C},
urldate={2019-05-16}}


@book{dodds2012linked,
  added-at = {2016-08-31T16:01:29.000+0200},
  author = {Dodds, Leigh and Davis, Ian},
  biburl = {https://www.bibsonomy.org/bibtex/22c8215a64247f2212850668f92dd0fb0/shelley.adams},
  day = 31,
  howpublished = {web},
  interhash = {aaa9336393d5ca2888cb4fefa310aa7d},
  intrahash = {2c8215a64247f2212850668f92dd0fb0},
  keywords = {books design epub linkeddata openaccess pattern pdf semantic web},
  month = may,
  timestamp = {2016-10-22T13:14:22.000+0200},
  title = {Linked Data Patterns: A pattern catalogue for modelling, publishing, and consuming Linked Data},
  url = {http://patterns.dataincubator.org/book/},
  year = 2012
}

@article{doi:10.2200/S00834ED1V01Y201802WBE018,
author = {Kendall, Elisa F. and McGuinness, Deborah L.},
title = {Ontology Engineering},
journal = {Synthesis Lectures on the Semantic Web: Theory and Technology},
volume = {9},
number = {1},
pages = {i-102},
year = {2019},
doi = {10.2200/S00834ED1V01Y201802WBE018},
URL = {https://doi.org/10.2200/S00834ED1V01Y201802WBE018},
eprint = {https://doi.org/10.2200/S00834ED1V01Y201802WBE018}
}

@article{doi:10.2200/S00824ED1V01Y201801WBE017,
author = {Uschold, Michael},
title = {Demystifying OWL for the Enterprise},
journal = {Synthesis Lectures on the Semantic Web: Theory and Technology},
volume = {8},
number = {1},
pages = {i-237},
year = {2018},
doi = {10.2200/S00824ED1V01Y201801WBE017},
URL = { https://doi.org/10.2200/S00824ED1V01Y201801WBE017},
eprint = {https://doi.org/10.2200/S00824ED1V01Y201801WBE017}
}

@article{masinter2005uniform,
  title={Uniform resource identifier (URI): Generic syntax},
  author={Masinter, Larry and Berners-Lee, Tim and Fielding, Roy T},
  year={2005}
}


@TechReport{Bray:08:EML,
  author      = "Tim Bray and Eve Maler and Fran\c{c}ois Yergeau and Michael Sperberg-McQueen and Jean Paoli",
  title       = "Extensible Markup Language ({XML}) 1.0 (Fifth Edition)",
  month       = nov,
  note        = "http://www.w3.org/TR/2008/REC-xml-20081126/",
  year        = "2008",
  bibsource   = "https://w2.syronex.com/jmr/w3c-biblio",
  type        = "{W3C} Recommendation",
  institution = "W3C",
}

@article{leach1999hypertext,
  title={Hypertext Transfer Protocol--HTTP/1.1},
  author={Leach, Paul J and Berners-Lee, Tim and Mogul, Jeffrey C and Masinter, Larry and Fielding, Roy T and Gettys, James},
  year={1999},
  uri={https://tools.ietf.org/html/rfc2616}
}

@techreport{iso_language_639,
address = {Geneva, CH},
type = {Standard},
title = {FABIEN TO FILL IN},
url = {https://www.iso.org/iso-639-language-codes.html},
language = {en},
number = {},
institution = {International Organization for Standardization},
author = {{ISO Central Secretary}},
year = {2016}
}



@article{10.1093/nar/gky1049,
    author = {The UniProt Consortium},
    title = "{UniProt: a worldwide hub of protein knowledge}",
    journal = {Nucleic Acids Research},
    volume = {47},
    number = {D1},
    pages = {D506-D515},
    year = {2018},
    month = {11},
    abstract = "{The UniProt Knowledgebase is a collection of sequences and annotations for over 120 million proteins across all branches of life. Detailed annotations extracted from the literature by expert curators have been collected for over half a million of these proteins. These annotations are supplemented by annotations provided by rule based automated systems, and those imported from other resources. In this article we describe significant updates that we have made over the last 2 years to the resource. We have greatly expanded the number of Reference Proteomes that we provide and in particular we have focussed on improving the number of viral Reference Proteomes. The UniProt website has been augmented with new data visualizations for the subcellular localization of proteins as well as their structure and interactions. UniProt resources are available under a CC-BY (4.0) license via the web at https://www.uniprot.org/.}",
    issn = {0305-1048},
    doi = {10.1093/nar/gky1049},
    url = {https://doi.org/10.1093/nar/gky1049},
    eprint = {http://oup.prod.sis.lan/nar/article-pdf/47/D1/D506/27437297/gky1049.pdf},
}


@inproceedings{Auer:2007:DNW:1785162.1785216,
 author = {Auer, S\"{o}ren and Bizer, Christian and Kobilarov, Georgi and Lehmann, Jens and Cyganiak, Richard and Ives, Zachary},
 title = {DBpedia: A Nucleus for a Web of Open Data},
 booktitle = {Proceedings of the 6th International The Semantic Web and 2Nd Asian Conference on Asian Semantic Web Conference},
 series = {ISWC'07/ASWC'07},
 year = {2007},
 isbn = {3-540-76297-3, 978-3-540-76297-3},
 location = {Busan, Korea},
 pages = {722--735},
 numpages = {14},
 url = {http://dl.acm.org/citation.cfm?id=1785162.1785216},
 acmid = {1785216},
 publisher = {Springer-Verlag},
 address = {Berlin, Heidelberg},
} 

@misc{fiboweb,
author={EDM Council}",
title={Financial Industry Business Ontology (FIBO) Specification},
url={https://spec.edmcouncil.org/fibo/doc/FIBO_Primer.pdf}
urldate={2019-12-30}
}


@misc{littlesem,
author={Jim Hendler},
title={A Little Semantics Goes a Long Way},
url={https://www.cs.rpi.edu/~hendler/LittleSemanticsWeb.html},
urldate={2019-12-30}
}

@misc{lodcloudnet,
author={Andrejs Abele, John
  P. McCrae, Paul Buitelaar, Anja Jentzsch and Richard Cyganiak},
title={The Linked Open Data Cloud},
 url={http://lod-cloud.net/}
 }
 
@misc{linkeddatadesign,
author={Tim Berners-Lee},
year={2006},
urldate={2009-06-18},
title={Linked Data Design Issues},
}


@article{lmdatabase,
author = {Hassanzadeh, Oktie and Consens, Mariano},
year = {2019},
month = {05},
pages = {},
title = {Linked movie data base}
}

@TechReport{Harris:13:SQL,
  author      = "Steven Harris and Andy Seaborne",
  title       = "{SPARQL} 1.1 Query Language",
  month       = mar,
  note        = "http://www.w3.org/TR/2013/REC-sparql11-query-20130321/",
  year        = "2013",
  bibsource   = "https://w2.syronex.com/jmr/w3c-biblio",
  type        = "{W3C} Recommendation",
  institution = "W3C",
}

@TechReport{Steyskal:17:SAF,
  author      = "Simon Steyskal and Dean Allemang and Holger Knublauch",
  title       = "{SHACL} Advanced Features",
  month       = jun,
  note        = "https://www.w3.org/TR/2017/NOTE-shacl-af-20170608/",
  year        = "2017",
  bibsource   = "https://w2.syronex.com/jmr/w3c-biblio",
  type        = "{W3C} Note",
  institution = "W3C",
}

@inproceedings{batchelor2014scientific,
  title={Scientific lenses to support multiple views over linked chemistry data},
  author={Batchelor, Colin and Brenninkmeijer, Christian YA and Chichester, Christine and Davies, Mark and Digles, Daniela and Dunlop, Ian and Evelo, Chris T and Gaulton, Anna and Goble, Carole and Gray, Alasdair JG and others},
  booktitle={International Semantic Web Conference},
  pages={98--113},
  year={2014},
  organization={Springer}
}

@inproceedings{patel2014analyzing,
  title={Analyzing schema. org},
  author={Patel-Schneider, Peter F},
  booktitle={International Semantic Web Conference},
  pages={261--276},
  year={2014},
  organization={Springer}
}

@misc{basel2013principles,
  title={Principles for effective risk data aggregation and risk reporting},
  author={BCBS 239},
  institution={Basel Committee on Banking Supervision},
  year={2013},
  url={https://www.bis.org/publ/bcbs239.pdf},
  publisher={Basel: Bank for International Settlements}
}

@misc{agrovoc,
title={AIMS/AGROVOC},
author={UN/FAO},
url={http://aims.fao.org/vest-registry/vocabularies/agrovoc},
urldate={02-Jan-2020}
}

@misc{fiboprimer,
title={FIBO Primer},
author={"EDM Council"},
year={2018}
url={https://spec.edmcouncil.org/fibo/doc/FIBO_Primer.pdf}
}

@misc{fibopedia,
title={FIBOpedia},
author={EDMCouncil},
year={2019},
url={https://spec.edmcouncil.org/fibo/fibopedia/master/latest/FIBOpedia.html}
}

@article{uschold1996ontologies,
  title={Ontologies: Principles, methods and applications},
  author={Uschold, Mike and Gruninger, Michael},
  journal={The knowledge engineering review},
  volume={11},
  number={2},
  pages={93--136},
  year={1996},
  publisher={Cambridge University Press}
}

@TechReport{Parsia:12:OWO,
  author      = "Bijan Parsia and Sebastian Rudolph and Peter Patel-Schneider and Pascal Hitzler and Markus Kr{\"{o}}tzsch",
  title       = "{OWL} 2 Web Ontology Language Primer (Second Edition)",
  month       = dec,
  note        = "http://www.w3.org/TR/2012/REC-owl2-primer-20121211/",
  year        = "2012",
  bibsource   = "https://w2.syronex.com/jmr/w3c-biblio",
  type        = "",
  institution = "W3C",
}

@TechReport{Kifer:13:ROE,
  author      = "Michael Kifer and Harold Boley",
  title       = "{RIF} Overview (Second Edition)",
  month       = feb,
  note        = "http://www.w3.org/TR/2013/NOTE-rif-overview-20130205/",
  year        = "2013",
  bibsource   = "https://w2.syronex.com/jmr/w3c-biblio",
  type        = "{W3C} Note",
  institution = "W3C",
}

@article{klensin2013media,
  title={Media Type specifications and registration procedures},
  author={Klensin, John and Hansen, Tony and Freed, Ned},
  year={2013}
}

@article{vandenbussche2017linked,
  title={Linked Open Vocabularies (LOV): a gateway to reusable semantic vocabularies on the Web},
  author={Vandenbussche, Pierre-Yves and Atemezing, Ghislain A and Poveda-Villal{\'o}n, Mar{\'\i}a and Vatant, Bernard},
  journal={Semantic Web},
  volume={8},
  number={3},
  pages={437--452},
  year={2017},
  publisher={IOS Press}
}


@TechReport{Jacobs:04:AWW,
  author      = "Ian Jacobs and Norman Walsh",
  title       = "Architecture of the World Wide Web, Volume One",
  month       = dec,
  note        = "http://www.w3.org/TR/2004/REC-webarch-20041215/",
  year        = "2004",
  bibsource   = "https://w2.syronex.com/jmr/w3c-biblio",
  type        = "{W3C} Recommendation",
  institution = "W3C",
}

@article{bray2014javascript,
  title={The javascript object notation (json) data interchange format},
  author={Bray, Tim},
  url={https://tools.ietf.org/html/rfc7159},
  year={2014}
}

@TechReport{Kellogg:14:JF,
  author      = "Gregg Kellogg and Markus Lanthaler and Manu Sporny",
  title       = "{JSON}-LD 1.0",
  month       = jan,
  note        = "http://www.w3.org/TR/2014/REC-json-ld-20140116/",
  year        = "2014",
  bibsource   = "https://w2.syronex.com/jmr/w3c-biblio",
  type        = "{W3C} Recommendation",
  institution = "W3C",
}

@TechReport{Sundara:12:RRR,
  author      = "Seema Sundara and Souripriya Das and Richard Cyganiak",
  title       = "{R2RML}: {RDB} to {RDF} Mapping Language",
  month       = sep,
  note        = "http://www.w3.org/TR/2012/REC-r2rml-20120927/",
  year        = "2012",
  bibsource   = "https://w2.syronex.com/jmr/w3c-biblio",
  type        = "{W3C} Recommendation",
  institution = "W3C",
}
@TechReport{Bertails:12:ADM,
  author      = "Alexandre Bertails and Eric Prud'hommeaux and Marcelo Arenas and Juan Sequeda",
  title       = "A Direct Mapping of Relational Data to {RDF}",
  month       = sep,
  note        = "http://www.w3.org/TR/2012/REC-rdb-direct-mapping-20120927/",
  year        = "2012",
  bibsource   = "https://w2.syronex.com/jmr/w3c-biblio",
  type        = "{W3C} Recommendation",
  institution = "W3C",
}

@article{heath2011linked,
  title={Linked data: Evolving the web into a global data space},
  author={Heath, Tom and Bizer, Christian},
  journal={Synthesis lectures on the semantic web: theory and technology},
  volume={1},
  number={1},
  pages={1--136},
  year={2011},
  publisher={Morgan \& Claypool Publishers}
}

@inproceedings{DBLP:conf/spire/Ley02,
  author    = {Michael Ley},
  title     = {The {DBLP} Computer Science Bibliography: Evolution, Research Issues,
               Perspectives},
  booktitle = {String Processing and Information Retrieval, 9th International Symposium,
               {SPIRE} 2002, Lisbon, Portugal, September 11-13, 2002, Proceedings},
  pages     = {1--10},
  year      = {2002},
  crossref  = {DBLP:conf/spire/2002},
  url       = {https://doi.org/10.1007/3-540-45735-6\_1},
  doi       = {10.1007/3-540-45735-6\_1},
  timestamp = {Wed, 29 May 2019 10:39:45 +0200},
  biburl    = {https://dblp.org/rec/bib/conf/spire/Ley02},
  bibsource = {dblp computer science bibliography, https://dblp.org}
}

@TechReport{Speicher:15:LDP,
  author      = "Steve Speicher and John Arwe and Ashok Malhotra",
  title       = "Linked Data Platform 1.0",
  month       = feb,
  note        = "http://www.w3.org/TR/2015/REC-ldp-20150226/",
  year        = "2015",
  bibsource   = "https://w2.syronex.com/jmr/w3c-biblio",
  type        = "{W3C} Recommendation",
  institution = "W3C",
}


@misc{berners2018one,
  title={One Small Step for the Web..},
  author={Berners-Lee, Tim},
  journal={2018-11-16]. https://medium. com/@ timberners\_lee/one-small-step-for-the-web-87f92217d085},
  year={2018}
}